<record><leader>00000cas a22000007a 4500</leader><controlfield tag="001">24655101</controlfield><controlfield tag="008">911031d19381955mauwr ne      0    0eng d</controlfield><datafield ind1=" " ind2=" " tag="010"><subfield code="a">sn 91057142 </subfield></datafield><datafield ind1=" " ind2=" " tag="040"><subfield code="a">MGN</subfield><subfield code="b">eng</subfield><subfield code="c">MGN</subfield><subfield code="d">OCLCQ</subfield><subfield code="d">OCLCF</subfield><subfield code="d">OCLCO</subfield><subfield code="d">OCLCQ</subfield></datafield><datafield ind1="0" ind2=" " tag="041"><subfield code="a">eng</subfield><subfield code="a">yid</subfield></datafield><datafield ind1=" " ind2=" " tag="042"><subfield code="a">msc</subfield></datafield><datafield ind1=" " ind2=" " tag="043"><subfield code="a">n-usn--</subfield></datafield><datafield ind1="0" ind2=" " tag="130"><subfield code="a">Jewish world (Boston, Mass.)</subfield></datafield><datafield ind1="1" ind2="0" tag="245"><subfield code="a">Jewish world.</subfield></datafield><datafield ind1="3" ind2="0" tag="246"><subfield code="a">Jewish daily world</subfield></datafield><datafield ind1="3" ind2="0" tag="246"><subfield code="a">Jewish world national journal</subfield></datafield><datafield ind1="3" ind2="1" tag="246"><subfield code="a">Yidishe v&#803;elt&#803;</subfield></datafield><datafield ind1=" " ind2=" " tag="260"><subfield code="a">Boston, Mass. :</subfield><subfield code="b">World Pub. Co.</subfield></datafield><datafield ind1=" " ind2=" " tag="300"><subfield code="a">volumes</subfield></datafield><datafield ind1=" " ind2=" " tag="310"><subfield code="a">Weekly,</subfield><subfield code="b">&lt;Apr. 12, 1940&gt;-</subfield></datafield><datafield ind1=" " ind2=" " tag="321"><subfield code="a">Weekly,</subfield><subfield code="b">&lt;1938&gt;-Nov. 3, 1939</subfield></datafield><datafield ind1=" " ind2=" " tag="321"><subfield code="a">Daily (except Sat. and Sun.),</subfield><subfield code="b">Nov. 10, 1939-&lt;Mar. 15, 1940&gt;</subfield></datafield><datafield ind1=" " ind2=" " tag="336"><subfield code="a">text</subfield><subfield code="b">txt</subfield><subfield code="2">rdacontent</subfield></datafield><datafield ind1=" " ind2=" " tag="337"><subfield code="a">unmediated</subfield><subfield code="b">n</subfield><subfield code="2">rdamedia</subfield></datafield><datafield ind1=" " ind2=" " tag="338"><subfield code="a">volume</subfield><subfield code="b">nc</subfield><subfield code="2">rdacarrier</subfield></datafield><datafield ind1="0" ind2=" " tag="362"><subfield code="a">Vol. 6, no. 31 (June 10, 1938)-</subfield></datafield><datafield ind1="1" ind2=" " tag="362"><subfield code="a">Ceased in 1955.</subfield></datafield><datafield ind1=" " ind2=" " tag="500"><subfield code="a">Published as: The Jewish daily world, &lt;Nov. 24, 1939&gt;-&lt;Apr. 5, 1940&gt;, and: The Jewish world national journal, Dec. 13, 1940-Jan. 3, June 13-July 11, 1941.</subfield></datafield><datafield ind1=" " ind2=" " tag="500"><subfield code="a">Second section in Yiddish under title: Yidishe v&#803;elt&#803;.</subfield></datafield><datafield ind1=" " ind2=" " tag="546"><subfield code="a">In English and Yiddish.</subfield></datafield><datafield ind1=" " ind2=" " tag="580"><subfield code="a">Also published another weekly, Jewish guide (Boston, Mass.), &lt;1941&gt;.</subfield></datafield><datafield ind1=" " ind2="0" tag="650"><subfield code="a">Jewish newspapers</subfield><subfield code="z">New England.</subfield></datafield><datafield ind1=" " ind2="7" tag="650"><subfield code="a">Jewish newspapers.</subfield><subfield code="2">fast</subfield><subfield code="0">(OCoLC)fst00982872</subfield></datafield><datafield ind1=" " ind2="7" tag="651"><subfield code="a">New England.</subfield><subfield code="2">fast</subfield><subfield code="0">(OCoLC)fst01241913</subfield></datafield><datafield ind1=" " ind2=" " tag="752"><subfield code="a">United States</subfield><subfield code="b">Massachusetts</subfield><subfield code="c">Suffolk</subfield><subfield code="d">Boston.</subfield></datafield><datafield ind1="1" ind2=" " tag="775"><subfield code="t">Jewish guide (Boston, Mass.)</subfield><subfield code="w">(DLC)sn 95068510</subfield></datafield><datafield ind1="0" ind2="0" tag="780"><subfield code="t">Boston Jewish world</subfield><subfield code="w">(DLC)sn 95068515</subfield></datafield><datafield ind1="1" ind2=" " tag="029"><subfield code="a">AU@</subfield><subfield code="b">000025883138</subfield></datafield></record>